@misc{CodeCoverage,
    author = "Wikipedia",
    title = "Code coverage",
    howpublished = "\url{https://en.wikipedia.org/wiki/Code_coverage}"
  	}
  	
@misc{JUnitMeRapport,
	author = "Valentin Lefils and Quentin Marrecau",
	title = "Génération de tests JUnit avec Alloy.",
	year = "2015",
	howpublished = "\url{http://static.monperrus.net/iagl/2014/rendu3-alloy-test-data-generation/01_Junit_Generation_Marrecau_Lefils/Rapport.pdf}"
	}
	
@misc{JUnitMeGitHub,
	author = "Valentin Lefils and Quentin Marrecau",
	title = "JUnitMe (GitHub)",
	howpublished = "\url{https://github.com/user4me/JunitMe}"
	}